2835 3711
1044 920 1739 1013 prolegomena.

197 1194 407 1272 sueton.
462 1216 728 1268 Domitian.
766 1234 806 1265 c.
846 1221 879 1267 4
930 1225 1179 1266 certamen
1225 1218 1556 1284 Capitolinum
1607 1219 1698 1267 sub
1742 1219 2024 1268 Domitiano
2077 1219 2327 1284 aliquanto
2379 1220 2595 1299 plurium

199 1308 347 1358 quam
381 1304 539 1337 nunc
576 1287 659 1349 sit,
698 1304 992 1336 coronarum
1026 1287 1175 1336 fuisse
1211 1287 1370 1337 tradit.
1459 1286 1621 1348 Quum
1673 1287 1803 1338 enim
1841 1285 2101 1339 Suetonius
2154 1288 2399 1339 scribebat
2435 1288 2594 1356 (cujus

199 1360 327 1409 vitae
367 1358 418 1406 in
463 1356 620 1404 lucem
672 1355 959 1421 prodierunt
1003 1373 1046 1404 a
1087 1357 1183 1404 120
1219 1375 1265 1404 v.
1304 1355 1379 1405 ed.
1417 1355 1562 1405 Roth.
1598 1356 1750 1421 praef.
1787 1373 1836 1422 p.
1875 1356 1973 1417 IX)
2027 1358 2291 1406 certamina
2342 1366 2594 1407 oratorum

200 1427 502 1478 Graecorum
520 1424 906 1488 Latinorumque
942 1424 1140 1488 (quibus
1176 1424 1344 1474 laudes
1379 1424 1520 1474 Jovis
1547 1423 1811 1489 Capitolini
1845 1433 2134 1491 perpetuam
2170 1427 2422 1475 materiam
2439 1427 2590 1476 fuisse

199 1496 312 1545 dicit
347 1493 546 1555 Quintil.
584 1493 633 1541 J.
672 1491 731 1541 Ο.
768 1493 845 1541 ΠΙ
883 1495 985 1553 7,4)
1037 1491 1220 1541 institui
1272 1492 1427 1542 desita
1479 1500 1619 1542 erant
1665 1493 1953 1554 (Palfiirium
1991 1493 2164 1543 Suram
2218 1495 2277 1542 de
2314 1495 2591 1544 oratoribus

196 1564 383 1612 Latinis
419 1568 706 1610 coronatum
751 1568 992 1610 memorat
1027 1558 1229 1610 Sueton.
1267 1560 1333 1610 ib.
1371 1578 1412 1610 c.
1454 1562 1564 1622 13);
1612 1577 1705 1610 nec
1747 1561 1907 1610 minus
1945 1563 2455 1611 chorocitharistarum
2496 1563 2592 1628 psi-

196 1629 700 1693 locitharistarumque
727 1636 775 1677 et
810 1645 980 1677 cursus
1017 1628 1274 1693 virginum.
1345 1628 1483 1678 Inter
1517 1637 1736 1693 poetas
1770 1629 1975 1679 Latinos
2011 1631 2062 1678 in
2098 1632 2256 1694 primo
2292 1648 2450 1694 agone
2487 1629 2593 1695 (86)

198 1704 457 1749 coronatus
508 1712 615 1747 esse
651 1696 843 1747 videtur
878 1695 1100 1749 Collinus
1134 1696 1240 1759 ille,
1293 1697 1357 1744 ad
1394 1713 1539 1763 quem
1576 1698 1767 1763 scripsit
1800 1698 2035 1745 Martialis
2071 1699 2225 1761 epigr.
2263 1696 2332 1746 IV
2370 1701 2436 1747 54
2471 1706 2592 1761 (qua

199 1767 259 1817 de
294 1784 346 1817 re
383 1766 479 1816 dixi
513 1765 564 1814 in
609 1782 776 1832 progr.
813 1766 956 1832 hujus
993 1766 1130 1813 acad.
1172 1768 1300 1814 1862
1336 1766 1362 1813 I
1397 1783 1446 1831 p.
1485 1768 1563 1823 8):
1618 1781 1626 1787 ’

844 1846 879 1888 Ο
910 1845 976 1886 cui
1010 1845 1211 1897 Tarpeias
1240 1845 1359 1886 licuit
1388 1846 1628 1897 contingere
1659 1857 1836 1897 quercus

911 1901 968 1943 Et
996 1902 1168 1943 meritas
1198 1902 1365 1954 prima
1395 1901 1559 1955 cingere
1590 1899 1737 1944 fronde
1767 1913 1918 1952 comas

198 1989 493 2038 quamquam
527 1971 718 2036 prima
751 1970 890 2019 aliter
923 1970 1141 2034 intellegi
1177 1986 1325 2034 posse
1361 1987 1464 2018 non
1498 1986 1643 2034 nego.
1716 1970 1777 2019 In
1812 1987 1972 2035 agone
2008 1987 2051 2018 a.
2075 1971 2139 2018 90
2178 1969 2383 2020 Statium
2411 1972 2594 2019 victum

199 2057 305 2088 esse
340 2039 599 2088 verisimile
634 2046 710 2087 est
745 2038 862 2097 (1.1.
900 2040 1080 2102 p.16);
1117 2038 1179 2087 ad
1214 2054 1427 2103 agonem
1463 2055 1506 2086 a.
1528 2039 1592 2086 94
1628 2046 1776 2116 poeta
1811 2037 2032 2087 Graecus
2068 2038 2313 2087 Diodorus
2350 2039 2594 2103 proficisci

200 2108 417 2157 voluerat
450 2109 516 2156 11).
553 2125 601 2172 p.
642 2108 702 2155 12
739 2105 946 2155 Martial.
983 2106 1059 2155 IX
1096 2108 1198 2166 40).
1270 2106 1331 2154 In
1366 2123 1464 2155 uno
1500 2106 1676 2155 horum
1711 2107 1856 2154 trium
1890 2123 2110 2171 agonum
2144 2114 2289 2171 poeta
2324 2107 2377 2155 Ρ.
2398 2107 2593 2155 Annius

196 2176 373 2226 Florus
409 2176 575 2226 Africa
628 2174 859 2225 oriundus
912 2191 1096 2225 corona
1131 2174 1350 2240 privatus
1388 2181 1475 2224 est.
1545 2175 1660 2240 Ipse
1700 2183 1877 2236 narrat,
1933 2175 2176 2223 auditores
2222 2193 2454 2223 coronam
2502 2173 2598 2224 sibi

197 2263 386 2295 summo
439 2261 685 2295 consensu
736 2244 1050 2308 poposcisse,
1103 2243 1297 2293 invito
1352 2243 1592 2310 quidem
1645 2243 1907 2294 Caesare
1962 2252 2020 2291 et
2062 2243 2418 2303 resistente,
2474 2261 2598 2292 non

198 2314 354 2378 quod
389 2313 513 2363 sibi
547 2329 736 2379 puero
771 2312 1097 2372 invideret,
1153 2311 1257 2361 sed
1291 2329 1360 2360 ne
1395 2311 1606 2361 Africa
1641 2329 1933 2361 coronam
1968 2312 2167 2377 magni
2201 2312 2380 2362 Jovis
2417 2313 2598 2361 attin·

196 2388 388 2446 geret.
461 2382 535 2443 (P.
573 2381 708 2430 Anni
742 2380 879 2429 Flori
912 2381 1087 2446 fragm.
1124 2380 1176 2427 in
1209 2379 1379 2429 Jahnii
1416 2381 1490 2428 ed.
1527 2380 1630 2430 Juli
1666 2381 1800 2429 Flori
1836 2398 1883 2445 p.
1920 2380 2078 2439 XLI).
2130 2380 2204 2429 Ac
2238 2380 2446 2430 fortasse
2482 2382 2597 2446 ipso

197 2449 302 2499 illo
346 2449 413 2499 de
447 2450 642 2499 Dacia
675 2449 984 2515 triumpho
1040 2456 1313 2497 certaverat
1365 2455 1431 2510 (v.
1468 2447 1631 2512 ibid.);
1686 2448 1865 2498 etenim
1901 2448 2233 2498 Domitianum
2280 2466 2475 2514 quoque
2536 2450 2598 2499 de

200 2516 356 2567 Dacia
389 2518 717 2585 triumphasse
753 2525 945 2567 constat
971 2516 1194 2578 (Sueton.
1216 2535 1257 2566 c.
1280 2520 1348 2579 6),
1386 2534 1478 2566 nec
1511 2534 1715 2567 necesse
1751 2525 1825 2567 est
1859 2517 1955 2567 hoc
1990 2534 2185 2566 carmen
2210 2517 2273 2566 ad
2290 2518 2600 2584 triumphum

195 2602 226 2633 a
260 2586 475 2651 Trajano
512 2605 556 2636 a.
597 2588 689 2636 101
746 2594 909 2635 actum
959 2586 1166 2647 referre,
1221 2586 1354 2652 quod
1404 2586 1517 2635 fecit
1550 2586 1759 2637 Jahnius
1815 2592 1884 2652 (p.
1920 2586 2097 2645 XLV).
2171 2586 2357 2647 Quodsi
2394 2604 2600 2636 carmen

197 2652 314 2702 illud
349 2654 409 2704 de
445 2653 692 2720 triumpho
711 2654 895 2704 Dacico
931 2653 1130 2703 aFloro
1165 2654 1217 2703 in
1253 2654 1515 2703 certamine
1542 2656 1795 2704 recitatum
1832 2672 1939 2704 esse
1966 2655 2230 2715 statuimus,
2268 2655 2317 2703 id
2354 2664 2438 2703 aut
2457 2673 2500 2703 a.
2529 2657 2595 2703 90

195 2720 380 2771 factum
413 2740 523 2773 esse
557 2730 733 2792 potest,
762 2723 918 2788 paulo
954 2730 1068 2771 ante
1102 2723 1401 2788 triumphum
1430 2723 1511 2788 qui
1530 2740 1588 2772 eo
1617 2741 1749 2772 anno
1787 2731 1991 2772 exeunte
2027 2730 2160 2770 actus
2197 2730 2285 2785 est,
2325 2732 2409 2772 aut
2444 2741 2487 2771 a.
2514 2727 2595 2773 94.

198 2787 377 2838 Lustro
413 2799 554 2842 sexto
592 2796 656 2852 (a.
698 2792 817 2848 110)
851 2791 980 2840 inter
1013 2798 1184 2855 poetas
1220 2791 1424 2840 Latinos
1461 2800 1723 2841 coronatus
1759 2801 1833 2840 est
1866 2791 1924 2840 L.
1945 2790 2165 2839 Valerius
2202 2761 2400 2841 Pu’dens
2429 2792 2600 2842 Histo-

197 2855 381 2908 niensis
415 2874 661 2909 annorum
693 2858 821 2908 XIII
853 2858 1084 2908 omnibus
1130 2859 1382 2908 sententiis
1411 2859 1642 2924 judicum.
1680 2859 1729 2909 J.
1766 2860 1823 2907 R.
1862 2859 1921 2907 N.
1959 2860 2106 2907 5252.
2496 2887 2499 2891 -

344 2924 391 2974 A
425 2928 583 2991 poetis
614 2928 678 2975 ad
712 2927 979 2975 musicos
1013 2935 1228 2975 transeo.
1301 2926 1488 2976 Cantus
1525 2927 1792 2976 certamina
1825 2926 2040 2975 instituta
2075 2943 2184 2976 esse
2204 2926 2438 2977 docemur
2463 2928 2602 2978 titulo

196 2991 380 3041 Aurelii
416 2993 632 3059 Charini,
669 2995 1009 3062 Philadelphia
1043 2994 1234 3045 oriundi
1288 2993 1368 3056 (O.
1405 2993 1454 3045 J.
1494 2993 1558 3046 G.
1595 2997 1750 3046 3425:
1794 2994 1915 3057 ᾧὸὸν
1961 2996 2179 3056 παράοο,
2156 3012 2255 3058 -ον,
2309 2998 2603 3057 περιοοονεί·

194 3074 280 3123 κην
315 3065 678 3124 στεφανωθέντα
714 3064 873 3124 ἱεροὺς
906 3065 1098 3124 ἀγῶνας
1132 3062 1241 3118 τοὺς
1292 3064 1386 3111 ἀπὸ
1440 3069 1526 3128 τῆς·
1574 3065 1846 3127 οἰκουμένης
1896 3063 2073 3118 πάντας
2121 3064 2217 3112 ἀπὸ
2253 3064 2301 3112 K
2297 3081 2393 3111 απ
2399 3066 2605 3112 τωλείων
