<?xml version="1.0" encoding="UTF-8"?>
<!DOCTYPE html PUBLIC "-//W3C//DTD XHTML 1.0 Transitional//EN"
    "http://www.w3.org/TR/xhtml1/DTD/xhtml1-transitional.dtd">
<html xmlns="http://www.w3.org/1999/xhtml" xml:lang="en" lang="en">
 <head>
  <title>
</title>
<meta http-equiv="Content-Type" content="text/html;charset=utf-8" />
  <meta name='ocr-system' content='tesseract 3.04.00' />
  <meta name='ocr-capabilities' content='ocr_page ocr_carea ocr_par ocr_line ocrx_word'/>
</head>
<body>
  <div class='ocr_page' id='page_1' title='image "./4769637_0010.png"; bbox 0 0 2835 3711; ppageno 0'>
   <div class='ocr_carea' id='block_1_1' title="bbox 1431 410 1467 451">
    <p class='ocr_par' dir='ltr' id='par_1_1' title="bbox 1431 410 1467 451">
     <span class='ocr_line' id='line_1_1' title="bbox 1431 410 1467 451; baseline 0 0"><span class='ocrx_word' id='word_1_1' title='bbox 1431 410 1467 451; x_wconf 70' lang='lat'>4</span> 
     </span>
    </p>
   </div>
   <div class='ocr_carea' id='block_1_2' title="bbox 238 540 2636 880">
    <p class='ocr_par' dir='ltr' id='par_1_2' title="bbox 238 540 2636 880">
     <span class='ocr_line' id='line_1_2' title="bbox 239 540 2632 609; baseline -0 -14"><span class='ocrx_word' id='word_1_2' title='bbox 239 546 339 601; x_wconf 81' lang='grc' dir='ltr'><strong>ἕως</strong></span> <span class='ocrx_word' id='word_1_3' title='bbox 368 545 640 608; x_wconf 81' lang='grc' dir='ltr'><em>Ἀντιοχείας</em></span> <span class='ocrx_word' id='word_1_4' title='bbox 674 549 760 609; x_wconf 83' lang='grc' dir='ltr'><em>τῆς·</em></span> <span class='ocrx_word' id='word_1_5' title='bbox 787 544 997 607; x_wconf 78' lang='grc' dir='ltr'><strong>Συρίας).</strong></span> <span class='ocrx_word' id='word_1_6' title='bbox 1071 542 1394 593; x_wconf 89' lang='lat' dir='ltr'><strong>Citharoedos</strong></span> <span class='ocrx_word' id='word_1_7' title='bbox 1431 551 1644 593; x_wconf 83' lang='lat' dir='ltr'><strong>certasse</strong></span> <span class='ocrx_word' id='word_1_8' title='bbox 1682 551 1729 592; x_wconf 90' lang='lat' dir='ltr'><strong>et</strong></span> <span class='ocrx_word' id='word_1_9' title='bbox 1766 541 2027 593; x_wconf 84' lang='lat' dir='ltr'><strong>Suetonius</strong></span> <span class='ocrx_word' id='word_1_10' title='bbox 2065 541 2249 591; x_wconf 89' lang='lat' dir='ltr'><strong>indicat</strong></span> <span class='ocrx_word' id='word_1_11' title='bbox 2282 540 2313 590; x_wconf 93' lang='lat' dir='ltr'><strong>l.</strong></span> <span class='ocrx_word' id='word_1_12' title='bbox 2351 544 2382 592; x_wconf 94' lang='lat' dir='ltr'><strong>l.</strong></span> <span class='ocrx_word' id='word_1_13' title='bbox 2421 554 2469 594; x_wconf 92' lang='lat' dir='ltr'><strong>et</strong></span> <span class='ocrx_word' id='word_1_14' title='bbox 2493 551 2632 600; x_wconf 79' lang='lat' dir='ltr'><strong>Iuve-</strong></span> 
     </span>
     <span class='ocr_line' id='line_1_3' title="bbox 238 610 2632 678; baseline -0.003 -15"><span class='ocrx_word' id='word_1_15' title='bbox 238 614 367 663; x_wconf 88' lang='lat' dir='ltr'><strong>nalis</strong></span> <span class='ocrx_word' id='word_1_16' title='bbox 403 614 475 663; x_wconf 93' lang='lat' dir='ltr'><strong>VI</strong></span> <span class='ocrx_word' id='word_1_17' title='bbox 514 615 629 674; x_wconf 86' lang='lat'>387,</span> <span class='ocrx_word' id='word_1_18' title='bbox 668 630 695 661; x_wconf 88' lang='lat' dir='ltr'><strong>e</strong></span> <span class='ocrx_word' id='word_1_19' title='bbox 733 632 829 678; x_wconf 89' lang='lat' dir='ltr'><strong>quo</strong></span> <span class='ocrx_word' id='word_1_20' title='bbox 864 613 973 660; x_wconf 91' lang='lat' dir='ltr'><strong>loco</strong></span> <span class='ocrx_word' id='word_1_21' title='bbox 1008 620 1140 660; x_wconf 89' lang='lat' dir='ltr'><strong>recte</strong></span> <span class='ocrx_word' id='word_1_22' title='bbox 1178 611 1478 676; x_wconf 85' lang='lat' dir='ltr'><strong>colligemus,</strong></span> <span class='ocrx_word' id='word_1_23' title='bbox 1534 612 1809 660; x_wconf 90' lang='lat' dir='ltr'><strong>Pollionem</strong></span> <span class='ocrx_word' id='word_1_24' title='bbox 1845 610 2178 659; x_wconf 87' lang='lat' dir='ltr'><strong>citharoedum</strong></span> <span class='ocrx_word' id='word_1_25' title='bbox 2204 610 2311 675; x_wconf 87' lang='lat' dir='ltr'><strong>jam</strong></span> <span class='ocrx_word' id='word_1_26' title='bbox 2347 614 2438 661; x_wconf 84' lang='lat' dir='ltr'><strong>sub</strong></span> <span class='ocrx_word' id='word_1_27' title='bbox 2474 613 2632 668; x_wconf 82' lang='lat' dir='ltr'><strong>Domi.</strong></span> 
     </span>
     <span class='ocr_line' id='line_1_4' title="bbox 239 678 2632 753; baseline 0 -22"><span class='ocrx_word' id='word_1_28' title='bbox 239 683 371 731; x_wconf 88' lang='lat' dir='ltr'><strong>tiano</strong></span> <span class='ocrx_word' id='word_1_29' title='bbox 409 680 781 731; x_wconf 87' lang='lat' dir='ltr'><strong>celeberrimum</strong></span> <span class='ocrx_word' id='word_1_30' title='bbox 818 681 980 742; x_wconf 80' lang='lat' dir='ltr'><strong>[Mart.</strong></span> <span class='ocrx_word' id='word_1_31' title='bbox 1016 679 1089 729; x_wconf 95' lang='lat' dir='ltr'><strong>IV</strong></span> <span class='ocrx_word' id='word_1_32' title='bbox 1126 682 1206 739; x_wconf 79' lang='lat'><strong>61,</strong></span> <span class='ocrx_word' id='word_1_33' title='bbox 1248 683 1298 738; x_wconf 88' lang='lat'><strong>9)</strong></span> <span class='ocrx_word' id='word_1_34' title='bbox 1346 681 1397 729; x_wconf 90' lang='lat' dir='ltr'><strong>in</strong></span> <span class='ocrx_word' id='word_1_35' title='bbox 1434 680 1528 729; x_wconf 90' lang='lat' dir='ltr'><strong>hoc</strong></span> <span class='ocrx_word' id='word_1_36' title='bbox 1565 688 1812 729; x_wconf 88' lang='lat' dir='ltr'><strong>certamen</strong></span> <span class='ocrx_word' id='word_1_37' title='bbox 1848 679 2174 729; x_wconf 85' lang='lat' dir='ltr'><strong>descendisse.</strong></span> <span class='ocrx_word' id='word_1_38' title='bbox 2262 678 2518 731; x_wconf 90' lang='lat' dir='ltr'><strong>Accedunt</strong></span> <span class='ocrx_word' id='word_1_39' title='bbox 2545 704 2632 753; x_wconf 81' lang='lat' dir='ltr'><strong>py-</strong></span> 
     </span>
     <span class='ocr_line' id='line_1_5' title="bbox 240 746 2636 814; baseline 0 -17"><span class='ocrx_word' id='word_1_40' title='bbox 240 750 436 799; x_wconf 89' lang='lat' dir='ltr'><strong>thaulae</strong></span> <span class='ocrx_word' id='word_1_41' title='bbox 473 757 679 814; x_wconf 88' lang='lat' dir='ltr'><strong>propter</strong></span> <span class='ocrx_word' id='word_1_42' title='bbox 715 749 901 797; x_wconf 88' lang='lat' dir='ltr'><strong>titulum</strong></span> <span class='ocrx_word' id='word_1_43' title='bbox 940 748 1136 796; x_wconf 87' lang='lat' dir='ltr'><strong>artificis</strong></span> <span class='ocrx_word' id='word_1_44' title='bbox 1155 748 1527 797; x_wconf 89' lang='lat' dir='ltr'><strong>Nicomedensis</strong></span> <span class='ocrx_word' id='word_1_45' title='bbox 1565 749 1784 796; x_wconf 88' lang='lat' dir='ltr'><strong>coronati</strong></span> <span class='ocrx_word' id='word_1_46' title='bbox 1820 749 1871 795; x_wconf 82' lang='grc' dir='ltr'><em>ἐν</em></span> <span class='ocrx_word' id='word_1_47' title='bbox 1886 746 2033 811; x_wconf 83' lang='grc' dir='ltr'><em>Ῥώμῃ</em></span> <span class='ocrx_word' id='word_1_48' title='bbox 2052 748 2361 795; x_wconf 83' lang='grc' dir='ltr'><em>Καπετώλεια</em></span> <span class='ocrx_word' id='word_1_49' title='bbox 2398 752 2636 809; x_wconf 60' lang='lat' dir='ltr'><strong>memma&lt;</strong></span> 
     </span>
     <span class='ocr_line' id='line_1_6' title="bbox 238 813 2628 880; baseline -0 -14"><span class='ocrx_word' id='word_1_50' title='bbox 238 815 296 866; x_wconf 84' lang='lat' dir='ltr'><strong>C.</strong></span> <span class='ocrx_word' id='word_1_51' title='bbox 334 818 385 866; x_wconf 85' lang='lat' dir='ltr'><strong>J.</strong></span> <span class='ocrx_word' id='word_1_52' title='bbox 424 815 490 865; x_wconf 82' lang='lat' dir='ltr'><strong>Gr.</strong></span> <span class='ocrx_word' id='word_1_53' title='bbox 534 820 595 864; x_wconf 83' lang='lat'><strong>17</strong></span> <span class='ocrx_word' id='word_1_54' title='bbox 602 818 681 863; x_wconf 91' lang='grc'><strong>20.</strong></span> <span class='ocrx_word' id='word_1_55' title='bbox 768 816 932 864; x_wconf 88' lang='lat' dir='ltr'><strong>Etiam</strong></span> <span class='ocrx_word' id='word_1_56' title='bbox 985 815 1150 880; x_wconf 82' lang='lat' dir='ltr'>imago</span> <span class='ocrx_word' id='word_1_57' title='bbox 1207 816 1415 864; x_wconf 89' lang='lat' dir='ltr'><strong>tibicinis</strong></span> <span class='ocrx_word' id='word_1_58' title='bbox 1469 833 1614 880; x_wconf 87' lang='lat' dir='ltr'><strong>quam</strong></span> <span class='ocrx_word' id='word_1_59' title='bbox 1667 815 1815 863; x_wconf 86' lang='lat' dir='ltr'><strong>edidit</strong></span> <span class='ocrx_word' id='word_1_60' title='bbox 1867 813 2104 862; x_wconf 83' lang='lat' dir='ltr'><strong>Garrucci</strong></span> <span class='ocrx_word' id='word_1_61' title='bbox 2155 814 2279 862; x_wconf 87' lang='lat' dir='ltr'><strong>vetri</strong></span> <span class='ocrx_word' id='word_1_62' title='bbox 2333 818 2490 865; x_wconf 89' lang='lat' dir='ltr'><strong>ornati</strong></span> <span class='ocrx_word' id='word_1_63' title='bbox 2544 825 2628 870; x_wconf 65' lang='lat' dir='ltr'><strong>ete.</strong></span> 
     </span>
    </p>
   </div>
   <div class='ocr_carea' id='block_1_3' title="bbox 237 879 2699 947">
    <p class='ocr_par' dir='ltr' id='par_1_3' title="bbox 237 879 2699 947">
     <span class='ocr_line' id='line_1_7' title="bbox 237 879 2699 947; baseline 0.001 -16"><span class='ocrx_word' id='word_1_64' title='bbox 237 884 367 932; x_wconf 85' lang='lat' dir='ltr'><strong>Tab.</strong></span> <span class='ocrx_word' id='word_1_65' title='bbox 405 885 644 945; x_wconf 84' lang='lat' dir='ltr'>XXXIV,</span> <span class='ocrx_word' id='word_1_66' title='bbox 686 889 729 944; x_wconf 80' lang='lat'><strong>1,</strong></span> <span class='ocrx_word' id='word_1_67' title='bbox 768 884 830 930; x_wconf 89' lang='lat' dir='ltr'><strong>ad</strong></span> <span class='ocrx_word' id='word_1_68' title='bbox 865 883 1122 930; x_wconf 90' lang='lat' dir='ltr'><strong>victoriam</strong></span> <span class='ocrx_word' id='word_1_69' title='bbox 1156 884 1206 929; x_wconf 91' lang='lat' dir='ltr'><strong>in</strong></span> <span class='ocrx_word' id='word_1_70' title='bbox 1243 883 1338 930; x_wconf 92' lang='lat' dir='ltr'><strong>hoc</strong></span> <span class='ocrx_word' id='word_1_71' title='bbox 1374 901 1534 947; x_wconf 83' lang='lat' dir='ltr'><strong>agone</strong></span> <span class='ocrx_word' id='word_1_72' title='bbox 1569 891 1869 947; x_wconf 84' lang='lat' dir='ltr'><strong>reportatam</strong></span> <span class='ocrx_word' id='word_1_73' title='bbox 1904 891 2106 946; x_wconf 90' lang='lat' dir='ltr'><strong>spectat.</strong></span> <span class='ocrx_word' id='word_1_74' title='bbox 2188 881 2293 930; x_wconf 89' lang='lat' dir='ltr'><strong>Eos</strong></span> <span class='ocrx_word' id='word_1_75' title='bbox 2327 884 2516 945; x_wconf 87' lang='lat' dir='ltr'><strong>titulos,</strong></span> <span class='ocrx_word' id='word_1_76' title='bbox 2553 879 2634 933; x_wconf 74' lang='lat' dir='ltr'><strong>ubi</strong></span> <span class='ocrx_word' id='word_1_77' title='bbox 2697 910 2699 913; x_wconf 33' lang='lat' dir='ltr'>v</span> 
     </span>
    </p>
   </div>
   <div class='ocr_carea' id='block_1_4' title="bbox 227 949 2639 3065">
    <p class='ocr_par' dir='ltr' id='par_1_4' title="bbox 235 949 2637 1223">
     <span class='ocr_line' id='line_1_8' title="bbox 236 949 2635 1015; baseline 0 -15"><span class='ocrx_word' id='word_1_78' title='bbox 236 952 369 1002; x_wconf 91' lang='lat' dir='ltr'><strong>nude</strong></span> <span class='ocrx_word' id='word_1_79' title='bbox 404 952 592 1002; x_wconf 88' lang='lat' dir='ltr'><strong>Romae</strong></span> <span class='ocrx_word' id='word_1_80' title='bbox 629 951 884 1000; x_wconf 85' lang='lat' dir='ltr'><strong>victoriam</strong></span> <span class='ocrx_word' id='word_1_81' title='bbox 919 958 1219 1015; x_wconf 82' lang='lat' dir='ltr'><strong>reportatam</strong></span> <span class='ocrx_word' id='word_1_82' title='bbox 1256 968 1364 998; x_wconf 90' lang='lat' dir='ltr'><strong>esse</strong></span> <span class='ocrx_word' id='word_1_83' title='bbox 1402 951 1635 1015; x_wconf 89' lang='lat' dir='ltr'><strong>scriptum</strong></span> <span class='ocrx_word' id='word_1_84' title='bbox 1673 959 1759 1011; x_wconf 85' lang='lat' dir='ltr'><strong>est,</strong></span> <span class='ocrx_word' id='word_1_85' title='bbox 1799 949 2062 998; x_wconf 83' lang='lat' dir='ltr'><strong>certamine</strong></span> <span class='ocrx_word' id='word_1_86' title='bbox 2097 967 2200 998; x_wconf 92' lang='lat' dir='ltr'><strong>non</strong></span> <span class='ocrx_word' id='word_1_87' title='bbox 2235 949 2462 1011; x_wconf 87' lang='lat' dir='ltr'><strong>indicato,</strong></span> <span class='ocrx_word' id='word_1_88' title='bbox 2507 960 2635 1001; x_wconf 88' lang='lat' dir='ltr'><strong>certe</strong></span> 
     </span>
     <span class='ocr_line' id='line_1_9' title="bbox 235 1014 2634 1084; baseline 0 -15"><span class='ocrx_word' id='word_1_89' title='bbox 235 1037 342 1069; x_wconf 92' lang='lat' dir='ltr'><strong>non</strong></span> <span class='ocrx_word' id='word_1_90' title='bbox 378 1037 549 1069; x_wconf 90' lang='lat' dir='ltr'><strong>omnes</strong></span> <span class='ocrx_word' id='word_1_91' title='bbox 585 1019 681 1069; x_wconf 89' lang='lat' dir='ltr'><strong>huc</strong></span> <span class='ocrx_word' id='word_1_92' title='bbox 716 1018 979 1084; x_wconf 85' lang='lat' dir='ltr'><strong>pertinere,</strong></span> <span class='ocrx_word' id='word_1_93' title='bbox 1035 1025 1238 1083; x_wconf 90' lang='lat' dir='ltr'><strong>apparet</strong></span> <span class='ocrx_word' id='word_1_94' title='bbox 1292 1035 1352 1067; x_wconf 88' lang='lat' dir='ltr'><strong>ex</strong></span> <span class='ocrx_word' id='word_1_95' title='bbox 1400 1018 1537 1067; x_wconf 85' lang='lat' dir='ltr'><strong>titulo</strong></span> <span class='ocrx_word' id='word_1_96' title='bbox 1573 1019 1625 1067; x_wconf 92' lang='lat' dir='ltr'><strong>in</strong></span> <span class='ocrx_word' id='word_1_97' title='bbox 1660 1018 1739 1067; x_wconf 88' lang='lat' dir='ltr'><strong>via</strong></span> <span class='ocrx_word' id='word_1_98' title='bbox 1773 1018 1937 1083; x_wconf 90' lang='lat' dir='ltr'><strong>Appia</strong></span> <span class='ocrx_word' id='word_1_99' title='bbox 1970 1025 2165 1083; x_wconf 88' lang='lat' dir='ltr'><strong>reperto</strong></span> <span class='ocrx_word' id='word_1_100' title='bbox 2203 1014 2260 1067; x_wconf 87' lang='lat' dir='ltr'><strong>C.</strong></span> <span class='ocrx_word' id='word_1_101' title='bbox 2296 1016 2347 1068; x_wconf 85' lang='lat' dir='ltr'><strong>J.</strong></span> <span class='ocrx_word' id='word_1_102' title='bbox 2385 1017 2447 1068; x_wconf 82' lang='lat' dir='ltr'><strong>Gr.</strong></span> <span class='ocrx_word' id='word_1_103' title='bbox 2487 1022 2634 1070; x_wconf 76' lang='lat'><strong>5919.</strong></span> 
     </span>
     <span class='ocr_line' id='line_1_10' title="bbox 236 1086 2637 1153; baseline 0 -16"><span class='ocrx_word' id='word_1_104' title='bbox 236 1088 314 1138; x_wconf 88' lang='lat' dir='ltr'><strong>Ibi</strong></span> <span class='ocrx_word' id='word_1_105' title='bbox 350 1089 481 1137; x_wconf 92' lang='lat' dir='ltr'><strong>enim</strong></span> <span class='ocrx_word' id='word_1_106' title='bbox 515 1089 670 1137; x_wconf 90' lang='lat' dir='ltr'><strong>verba</strong></span> <span class='ocrx_word' id='word_1_107' title='bbox 708 1089 875 1152; x_wconf 82' lang='grc' dir='ltr'><em>Ρώμην</em></span> <span class='ocrx_word' id='word_1_108' title='bbox 913 1088 1186 1151; x_wconf 74' lang='grc' dir='ltr'><em>τραγῳδούς</em></span> <span class='ocrx_word' id='word_1_109' title='bbox 1217 1104 1402 1136; x_wconf 84' lang='lat' dir='ltr'><strong>corona</strong></span> <span class='ocrx_word' id='word_1_110' title='bbox 1436 1087 1603 1137; x_wconf 82' lang='lat' dir='ltr'><strong>laurea</strong></span> <span class='ocrx_word' id='word_1_111' title='bbox 1637 1087 1823 1136; x_wconf 89' lang='lat' dir='ltr'><strong>inclusa</strong></span> <span class='ocrx_word' id='word_1_112' title='bbox 1858 1094 2013 1149; x_wconf 81' lang='lat' dir='ltr'><strong>sunt3,</strong></span> <span class='ocrx_word' id='word_1_113' title='bbox 2048 1094 2098 1135; x_wconf 90' lang='lat' dir='ltr'><strong>at</strong></span> <span class='ocrx_word' id='word_1_114' title='bbox 2133 1103 2371 1136; x_wconf 90' lang='lat' dir='ltr'><strong>coronam</strong></span> <span class='ocrx_word' id='word_1_115' title='bbox 2406 1086 2637 1153; x_wconf 82' lang='lat' dir='ltr'><strong>Capitoli-</strong></span> 
     </span>
     <span class='ocr_line' id='line_1_11' title="bbox 235 1157 1178 1223; baseline -0.003 -16"><span class='ocrx_word' id='word_1_116' title='bbox 235 1174 354 1207; x_wconf 85' lang='lat' dir='ltr'><strong>nam</strong></span> <span class='ocrx_word' id='word_1_117' title='bbox 395 1173 664 1223; x_wconf 89' lang='lat' dir='ltr'><strong>querneam</strong></span> <span class='ocrx_word' id='word_1_118' title='bbox 699 1157 849 1206; x_wconf 88' lang='lat' dir='ltr'><strong>fuisse</strong></span> <span class='ocrx_word' id='word_1_119' title='bbox 885 1163 1054 1206; x_wconf 87' lang='lat' dir='ltr'><strong>notum</strong></span> <span class='ocrx_word' id='word_1_120' title='bbox 1092 1166 1178 1205; x_wconf 90' lang='lat' dir='ltr'><strong>est.</strong></span> 
     </span>
    </p>

    <p class='ocr_par' dir='ltr' id='par_1_5' title="bbox 227 1224 2639 2861">
     <span class='ocr_line' id='line_1_12' title="bbox 388 1224 2637 1292; baseline 0 -17"><span class='ocrx_word' id='word_1_121' title='bbox 388 1226 676 1276; x_wconf 79' lang='lat' dir='ltr'><strong>certamina</strong></span> <span class='ocrx_word' id='word_1_122' title='bbox 710 1226 1000 1292; x_wconf 86' lang='lat' dir='ltr'><strong>gymnica</strong></span> <span class='ocrx_word' id='word_1_123' title='bbox 1035 1225 1205 1273; x_wconf 88' lang='lat' dir='ltr'><strong>eadem</strong></span> <span class='ocrx_word' id='word_1_124' title='bbox 1240 1225 1461 1272; x_wconf 85' lang='lat' dir='ltr'><strong>instituta</strong></span> <span class='ocrx_word' id='word_1_125' title='bbox 1498 1242 1606 1272; x_wconf 87' lang='lat' dir='ltr'><strong>esse</strong></span> <span class='ocrx_word' id='word_1_126' title='bbox 1644 1234 2028 1272; x_wconf 89' lang='lat' dir='ltr'><strong>consentaneum</strong></span> <span class='ocrx_word' id='word_1_127' title='bbox 2064 1232 2152 1284; x_wconf 82' lang='lat' dir='ltr'><strong>est,</strong></span> <span class='ocrx_word' id='word_1_128' title='bbox 2190 1241 2315 1289; x_wconf 90' lang='lat' dir='ltr'><strong>quae</strong></span> <span class='ocrx_word' id='word_1_129' title='bbox 2348 1224 2401 1273; x_wconf 91' lang='lat' dir='ltr'><strong>in</strong></span> <span class='ocrx_word' id='word_1_130' title='bbox 2426 1224 2637 1275; x_wconf 82' lang='lat' dir='ltr'><strong>Graecia</strong></span> 
     </span>
     <span class='ocr_line' id='line_1_13' title="bbox 234 1292 2635 1356; baseline 0 -14"><span class='ocrx_word' id='word_1_131' title='bbox 234 1294 629 1354; x_wconf 84' lang='lat' dir='ltr'><strong>instituebantur,</strong></span> <span class='ocrx_word' id='word_1_132' title='bbox 666 1311 768 1341; x_wconf 93' lang='lat' dir='ltr'><strong>non</strong></span> <span class='ocrx_word' id='word_1_133' title='bbox 805 1293 954 1341; x_wconf 92' lang='lat' dir='ltr'><strong>modo</strong></span> <span class='ocrx_word' id='word_1_134' title='bbox 990 1293 1204 1340; x_wconf 88' lang='lat' dir='ltr'><strong>virorum</strong></span> <span class='ocrx_word' id='word_1_135' title='bbox 1241 1292 1328 1339; x_wconf 91' lang='lat' dir='ltr'><strong>sed</strong></span> <span class='ocrx_word' id='word_1_136' title='bbox 1365 1293 1510 1339; x_wconf 91' lang='lat' dir='ltr'><strong>etiam</strong></span> <span class='ocrx_word' id='word_1_137' title='bbox 1535 1309 1811 1356; x_wconf 86' lang='lat' dir='ltr'><strong>puerorum.</strong></span> <span class='ocrx_word' id='word_1_138' title='bbox 1883 1292 2012 1339; x_wconf 90' lang='lat' dir='ltr'><strong>Nam</strong></span> <span class='ocrx_word' id='word_1_139' title='bbox 2048 1295 2088 1339; x_wconf 87' lang='lat' dir='ltr'><strong>si</strong></span> <span class='ocrx_word' id='word_1_140' title='bbox 2124 1309 2309 1353; x_wconf 88' lang='lat' dir='ltr'><strong>cursus,</strong></span> <span class='ocrx_word' id='word_1_141' title='bbox 2345 1292 2635 1356; x_wconf 87' lang='lat' dir='ltr'><strong>luctationis,</strong></span> 
     </span>
     <span class='ocr_line' id='line_1_14' title="bbox 234 1359 2637 1427; baseline 0 -17"><span class='ocrx_word' id='word_1_142' title='bbox 234 1361 504 1427; x_wconf 85' lang='lat' dir='ltr'><strong>pugilatus,</strong></span> <span class='ocrx_word' id='word_1_143' title='bbox 558 1362 799 1427; x_wconf 90' lang='lat' dir='ltr'><strong>pancratii</strong></span> <span class='ocrx_word' id='word_1_144' title='bbox 844 1360 1111 1409; x_wconf 89' lang='lat' dir='ltr'><strong>certamina</strong></span> <span class='ocrx_word' id='word_1_145' title='bbox 1145 1360 1364 1408; x_wconf 88' lang='lat' dir='ltr'><strong>instituta</strong></span> <span class='ocrx_word' id='word_1_146' title='bbox 1399 1378 1509 1408; x_wconf 90' lang='lat' dir='ltr'><strong>esse</strong></span> <span class='ocrx_word' id='word_1_147' title='bbox 1545 1360 1831 1408; x_wconf 88' lang='lat' dir='ltr'><strong>testimoniis</strong></span> <span class='ocrx_word' id='word_1_148' title='bbox 1884 1360 2134 1409; x_wconf 88' lang='lat' dir='ltr'><strong>titulorum</strong></span> <span class='ocrx_word' id='word_1_149' title='bbox 2187 1367 2235 1408; x_wconf 92' lang='lat' dir='ltr'><strong>et</strong></span> <span class='ocrx_word' id='word_1_150' title='bbox 2271 1359 2429 1410; x_wconf 83' lang='lat' dir='ltr'><strong>Cassii</strong></span> <span class='ocrx_word' id='word_1_151' title='bbox 2462 1361 2637 1411; x_wconf 81' lang='lat' dir='ltr'><strong>Dionis</strong></span> 
     </span>
     <span class='ocr_line' id='line_1_15' title="bbox 235 1427 2638 1494; baseline 0 -16"><span class='ocrx_word' id='word_1_152' title='bbox 235 1436 445 1491; x_wconf 88' lang='lat' dir='ltr'><strong>constat,</strong></span> <span class='ocrx_word' id='word_1_153' title='bbox 481 1430 671 1494; x_wconf 88' lang='lat' dir='ltr'><strong>reliqua</strong></span> <span class='ocrx_word' id='word_1_154' title='bbox 705 1446 807 1478; x_wconf 93' lang='lat' dir='ltr'><strong>non</strong></span> <span class='ocrx_word' id='word_1_155' title='bbox 845 1428 1053 1477; x_wconf 89' lang='lat' dir='ltr'><strong>defuisse</strong></span> <span class='ocrx_word' id='word_1_156' title='bbox 1082 1429 1192 1494; x_wconf 88' lang='lat' dir='ltr'><strong>jure</strong></span> <span class='ocrx_word' id='word_1_157' title='bbox 1229 1428 1457 1492; x_wconf 80' lang='lat' dir='ltr'><strong>colligere</strong></span> <span class='ocrx_word' id='word_1_158' title='bbox 1494 1427 1778 1476; x_wconf 86' lang='lat' dir='ltr'><strong>videbimur.</strong></span> <span class='ocrx_word' id='word_1_159' title='bbox 1818 1427 1875 1477; x_wconf 81' lang='lat' dir='ltr'><strong>O.</strong></span> <span class='ocrx_word' id='word_1_160' title='bbox 1895 1428 1944 1478; x_wconf 84' lang='lat' dir='ltr'><strong>J.</strong></span> <span class='ocrx_word' id='word_1_161' title='bbox 1967 1427 2030 1477; x_wconf 81' lang='lat' dir='ltr'><strong>G.</strong></span> <span class='ocrx_word' id='word_1_162' title='bbox 2052 1430 2183 1477; x_wconf 84' lang='lat'>2682</span> <span class='ocrx_word' id='word_1_163' title='bbox 2218 1428 2384 1478; x_wconf 81' lang='lat' dir='ltr'><strong>titulus</strong></span> <span class='ocrx_word' id='word_1_164' title='bbox 2405 1429 2465 1478; x_wconf 89' lang='lat' dir='ltr'><strong>T.</strong></span> <span class='ocrx_word' id='word_1_165' title='bbox 2481 1428 2638 1478; x_wconf 82' lang='lat' dir='ltr'><strong>Flavii</strong></span> 
     </span>
     <span class='ocr_line' id='line_1_16' title="bbox 232 1496 2639 1563; baseline -0.001 -16"><span class='ocrx_word' id='word_1_166' title='bbox 232 1498 463 1547; x_wconf 82' lang='lat' dir='ltr'><strong>Metrobii</strong></span> <span class='ocrx_word' id='word_1_167' title='bbox 481 1498 517 1548; x_wconf 85' lang='lat' dir='ltr'><strong>J</strong></span> <span class='ocrx_word' id='word_1_168' title='bbox 518 1497 722 1558; x_wconf 85' lang='lat' dir='ltr'><strong>asensis,</strong></span> <span class='ocrx_word' id='word_1_169' title='bbox 762 1498 843 1561; x_wconf 90' lang='lat' dir='ltr'><strong>qui</strong></span> <span class='ocrx_word' id='word_1_170' title='bbox 863 1497 975 1544; x_wconf 83' lang='lat' dir='ltr'><strong>vicit</strong></span> <span class='ocrx_word' id='word_1_171' title='bbox 995 1498 1075 1560; x_wconf 76' lang='grc' dir='ltr'><em>τὴν</em></span> <span class='ocrx_word' id='word_1_172' title='bbox 1096 1497 1314 1556; x_wconf 61' lang='grc' dir='ltr'><em>περεῦὃον</em></span> <span class='ocrx_word' id='word_1_173' title='bbox 1333 1498 1518 1557; x_wconf 75' lang='grc' dir='ltr'><em>ἀνδρῶν</em></span> <span class='ocrx_word' id='word_1_174' title='bbox 1537 1498 1719 1559; x_wconf 77' lang='grc' dir='ltr'><em>δόλιχον</em></span> <span class='ocrx_word' id='word_1_175' title='bbox 1735 1496 1918 1544; x_wconf 80' lang='grc' dir='ltr'><em>Ἰασέων</em></span> <span class='ocrx_word' id='word_1_176' title='bbox 1938 1502 2123 1557; x_wconf 82' lang='grc' dir='ltr'><em>πρῶτος</em></span> <span class='ocrx_word' id='word_1_177' title='bbox 2138 1497 2215 1545; x_wconf 80' lang='grc' dir='ltr'><strong>καὶ</strong></span> <span class='ocrx_word' id='word_1_178' title='bbox 2235 1499 2290 1545; x_wconf 81' lang='grc' dir='ltr'><strong>τὰ</strong></span> <span class='ocrx_word' id='word_1_179' title='bbox 2310 1498 2362 1545; x_wconf 84' lang='grc' dir='ltr'><em>ἐν</em></span> <span class='ocrx_word' id='word_1_180' title='bbox 2381 1496 2526 1563; x_wconf 83' lang='grc' dir='ltr'><em>Ῥώμῃ</em></span> <span class='ocrx_word' id='word_1_181' title='bbox 2546 1499 2587 1546; x_wconf 89' lang='lat' dir='ltr'><em>K</em></span> <span class='ocrx_word' id='word_1_182' title='bbox 2589 1516 2639 1545; x_wconf 92' lang='grc' dir='ltr'><strong>α-</strong></span> 
     </span>
     <span class='ocr_line' id='line_1_17' title="bbox 234 1564 2636 1630; baseline 0 -17"><span class='ocrx_word' id='word_1_183' title='bbox 234 1567 472 1613; x_wconf 85' lang='grc' dir='ltr'><em>πετώλεια</em></span> <span class='ocrx_word' id='word_1_184' title='bbox 509 1571 694 1627; x_wconf 84' lang='grc' dir='ltr'><em>πρῶτος·</em></span> <span class='ocrx_word' id='word_1_185' title='bbox 715 1566 976 1626; x_wconf 75' lang='grc' dir='ltr'><em>ἀνθρώπων</em></span> <span class='ocrx_word' id='word_1_186' title='bbox 1002 1564 1032 1611; x_wconf 90' lang='lat' dir='ltr'><strong>i.</strong></span> <span class='ocrx_word' id='word_1_187' title='bbox 1053 1582 1095 1612; x_wconf 88' lang='lat' dir='ltr'><strong>e.</strong></span> <span class='ocrx_word' id='word_1_188' title='bbox 1116 1582 1159 1612; x_wconf 92' lang='lat' dir='ltr'><strong>a.</strong></span> <span class='ocrx_word' id='word_1_189' title='bbox 1183 1568 1260 1612; x_wconf 88' lang='grc'><strong>86.</strong></span> <span class='ocrx_word' id='word_1_190' title='bbox 1298 1565 1370 1612; x_wconf 90' lang='lat' dir='ltr'><strong>Ib.</strong></span> <span class='ocrx_word' id='word_1_191' title='bbox 1396 1567 1491 1612; x_wconf 83' lang='lat'><strong>237</strong></span> <span class='ocrx_word' id='word_1_192' title='bbox 1513 1565 1582 1612; x_wconf 88' lang='lat' dir='ltr'><strong>tit.</strong></span> <span class='ocrx_word' id='word_1_193' title='bbox 1605 1565 1780 1628; x_wconf 80' lang='lat' dir='ltr'><strong>pugilis</strong></span> <span class='ocrx_word' id='word_1_194' title='bbox 1798 1565 2092 1629; x_wconf 89' lang='lat' dir='ltr'><strong>Apamensis</strong></span> <span class='ocrx_word' id='word_1_195' title='bbox 2113 1582 2264 1630; x_wconf 92' lang='lat' dir='ltr'><strong>quum</strong></span> <span class='ocrx_word' id='word_1_196' title='bbox 2281 1565 2334 1613; x_wconf 90' lang='lat' dir='ltr'><strong>in</strong></span> <span class='ocrx_word' id='word_1_197' title='bbox 2352 1565 2513 1614; x_wconf 91' lang='lat' dir='ltr'><strong>multis</strong></span> <span class='ocrx_word' id='word_1_198' title='bbox 2531 1566 2636 1625; x_wconf 85' lang='lat' dir='ltr'><strong>aliis</strong></span> 
     </span>
     <span class='ocr_line' id='line_1_18' title="bbox 234 1632 2637 1698; baseline 0 -16"><span class='ocrx_word' id='word_1_199' title='bbox 234 1641 339 1682; x_wconf 87' lang='lat' dir='ltr'><strong>tum</strong></span> <span class='ocrx_word' id='word_1_200' title='bbox 356 1634 409 1682; x_wconf 92' lang='lat' dir='ltr'><strong>in</strong></span> <span class='ocrx_word' id='word_1_201' title='bbox 426 1632 522 1682; x_wconf 92' lang='lat' dir='ltr'><strong>hoc</strong></span> <span class='ocrx_word' id='word_1_202' title='bbox 541 1649 703 1698; x_wconf 88' lang='lat' dir='ltr'><strong>agone</strong></span> <span class='ocrx_word' id='word_1_203' title='bbox 722 1632 957 1682; x_wconf 89' lang='lat' dir='ltr'><strong>coronati.</strong></span> <span class='ocrx_word' id='word_1_204' title='bbox 995 1632 1440 1681; x_wconf 89' lang='lat' dir='ltr'><strong>Pancratiastarum</strong></span> <span class='ocrx_word' id='word_1_205' title='bbox 1459 1632 1581 1680; x_wconf 91' lang='lat' dir='ltr'><strong>tituli</strong></span> <span class='ocrx_word' id='word_1_206' title='bbox 1601 1633 1877 1696; x_wconf 89' lang='lat' dir='ltr'><strong>complures</strong></span> <span class='ocrx_word' id='word_1_207' title='bbox 1897 1641 2101 1682; x_wconf 88' lang='lat' dir='ltr'><strong>exstant.</strong></span> <span class='ocrx_word' id='word_1_208' title='bbox 2140 1634 2330 1683; x_wconf 85' lang='lat' dir='ltr'><strong>Primus</strong></span> <span class='ocrx_word' id='word_1_209' title='bbox 2350 1641 2425 1683; x_wconf 84' lang='lat' dir='ltr'><strong>est</strong></span> <span class='ocrx_word' id='word_1_210' title='bbox 2443 1632 2499 1683; x_wconf 87' lang='lat' dir='ltr'><strong>C.</strong></span> <span class='ocrx_word' id='word_1_211' title='bbox 2511 1634 2560 1683; x_wconf 83' lang='lat' dir='ltr'><strong>J.</strong></span> <span class='ocrx_word' id='word_1_212' title='bbox 2572 1633 2637 1683; x_wconf 79' lang='lat' dir='ltr'><strong>G.</strong></span> 
     </span>
     <span class='ocr_line' id='line_1_19' title="bbox 235 1700 2637 1766; baseline -0.001 -15"><span class='ocrx_word' id='word_1_213' title='bbox 235 1704 369 1751; x_wconf 88' lang='grc'>5806</span> <span class='ocrx_word' id='word_1_214' title='bbox 426 1700 659 1766; x_wconf 80' lang='lat' dir='ltr'><strong>(Neapoli</strong></span> <span class='ocrx_word' id='word_1_215' title='bbox 693 1705 939 1766; x_wconf 87' lang='lat' dir='ltr'><strong>repertus)</strong></span> <span class='ocrx_word' id='word_1_216' title='bbox 996 1700 1056 1748; x_wconf 84' lang='lat' dir='ltr'><strong>T.</strong></span> <span class='ocrx_word' id='word_1_217' title='bbox 1095 1700 1235 1749; x_wconf 88' lang='lat' dir='ltr'><strong>Flavi</strong></span> <span class='ocrx_word' id='word_1_218' title='bbox 1272 1700 1567 1749; x_wconf 87' lang='lat' dir='ltr'><strong>Artemidori</strong></span> <span class='ocrx_word' id='word_1_219' title='bbox 1620 1701 1798 1749; x_wconf 88' lang='lat' dir='ltr'><strong>Adana</strong></span> <span class='ocrx_word' id='word_1_220' title='bbox 1832 1702 2037 1761; x_wconf 86' lang='lat' dir='ltr'><strong>oriundi,</strong></span> <span class='ocrx_word' id='word_1_221' title='bbox 2093 1702 2175 1766; x_wconf 90' lang='lat' dir='ltr'><strong>qui</strong></span> <span class='ocrx_word' id='word_1_222' title='bbox 2210 1702 2325 1751; x_wconf 89' lang='lat' dir='ltr'><strong>vicit</strong></span> <span class='ocrx_word' id='word_1_223' title='bbox 2367 1703 2441 1750; x_wconf 83' lang='grc' dir='ltr'><em>τὸν</em></span> <span class='ocrx_word' id='word_1_224' title='bbox 2478 1702 2637 1761; x_wconf 78' lang='grc' dir='ltr'><em>ἀγῶνα</em></span> 
     </span>
     <span class='ocr_line' id='line_1_20' title="bbox 234 1769 2638 1833; baseline 0.001 -15"><span class='ocrx_word' id='word_1_225' title='bbox 234 1775 325 1818; x_wconf 79' lang='grc' dir='ltr'><em>τῶν</em></span> <span class='ocrx_word' id='word_1_226' title='bbox 356 1770 579 1833; x_wconf 79' lang='grc' dir='ltr'><em>μεγάλων</em></span> <span class='ocrx_word' id='word_1_227' title='bbox 616 1769 959 1818; x_wconf 76' lang='grc' dir='ltr'><em>Καπετωλείων</em></span> <span class='ocrx_word' id='word_1_228' title='bbox 996 1769 1072 1816; x_wconf 78' lang='grc' dir='ltr'><em>τὸν</em></span> <span class='ocrx_word' id='word_1_229' title='bbox 1110 1770 1309 1831; x_wconf 78' lang='grc' dir='ltr'><em>πρώτως</em></span> <span class='ocrx_word' id='word_1_230' title='bbox 1340 1769 1547 1832; x_wconf 65' lang='grc' dir='ltr'><em>ἀχθέντα</em></span> <span class='ocrx_word' id='word_1_231' title='bbox 1585 1774 1650 1827; x_wconf 80' lang='lat' dir='ltr'><strong>(a.</strong></span> <span class='ocrx_word' id='word_1_232' title='bbox 1691 1771 1775 1825; x_wconf 85' lang='lat'><strong>86)</strong></span> <span class='ocrx_word' id='word_1_233' title='bbox 1815 1770 1995 1831; x_wconf 73' lang='grc' dir='ltr'><em>ἀνδρῶν</em></span> <span class='ocrx_word' id='word_1_234' title='bbox 2033 1773 2328 1832; x_wconf 76' lang='grc' dir='ltr'><em>παγκράτιον.</em></span> <span class='ocrx_word' id='word_1_235' title='bbox 2391 1770 2465 1820; x_wconf 91' lang='lat' dir='ltr'><strong>Ib.</strong></span> <span class='ocrx_word' id='word_1_236' title='bbox 2504 1770 2638 1820; x_wconf 88' lang='lat'>5804</span> 
     </span>
     <span class='ocr_line' id='line_1_21' title="bbox 233 1837 2638 1904; baseline 0 -17"><span class='ocrx_word' id='word_1_237' title='bbox 233 1839 302 1889; x_wconf 85' lang='lat' dir='ltr'><strong>tit.</strong></span> <span class='ocrx_word' id='word_1_238' title='bbox 361 1840 422 1889; x_wconf 90' lang='lat' dir='ltr'><strong>T.</strong></span> <span class='ocrx_word' id='word_1_239' title='bbox 459 1838 619 1888; x_wconf 78' lang='lat' dir='ltr'><strong>Flavii</strong></span> <span class='ocrx_word' id='word_1_240' title='bbox 653 1837 873 1888; x_wconf 89' lang='lat' dir='ltr'><strong>Archibii</strong></span> <span class='ocrx_word' id='word_1_241' title='bbox 909 1837 1229 1888; x_wconf 85' lang='lat' dir='ltr'><strong>Alexandrini</strong></span> <span class='ocrx_word' id='word_1_242' title='bbox 1285 1837 1522 1904; x_wconf 82' lang='lat' dir='ltr'><strong>(Neapoli</strong></span> <span class='ocrx_word' id='word_1_243' title='bbox 1576 1842 1828 1903; x_wconf 85' lang='lat' dir='ltr'><strong>repertus)</strong></span> <span class='ocrx_word' id='word_1_244' title='bbox 1884 1856 2027 1904; x_wconf 89' lang='lat' dir='ltr'><strong>quem</strong></span> <span class='ocrx_word' id='word_1_245' title='bbox 2062 1839 2249 1889; x_wconf 89' lang='lat' dir='ltr'><strong>Romae</strong></span> <span class='ocrx_word' id='word_1_246' title='bbox 2302 1839 2528 1890; x_wconf 88' lang='lat' dir='ltr'><strong>discimus</strong></span> <span class='ocrx_word' id='word_1_247' title='bbox 2582 1839 2638 1887; x_wconf 88' lang='grc' dir='ltr'><strong>τὰ</strong></span> 
     </span>
     <span class='ocr_line' id='line_1_22' title="bbox 227 1904 2636 1974; baseline -0 -18"><span class='ocrx_word' id='word_1_248' title='bbox 227 1910 417 1972; x_wconf 77' lang='grc' dir='ltr'><em>μεγάλα</em></span> <span class='ocrx_word' id='word_1_249' title='bbox 453 1908 763 1956; x_wconf 84' lang='grc' dir='ltr'><em>Καπετώλεια</em></span> <span class='ocrx_word' id='word_1_250' title='bbox 802 1909 882 1972; x_wconf 85' lang='grc' dir='ltr'><em>τὴν</em></span> <span class='ocrx_word' id='word_1_251' title='bbox 920 1904 1093 1973; x_wconf 80' lang='grc' dir='ltr'><em>τρίτη[ν</em></span> <span class='ocrx_word' id='word_1_252' title='bbox 1125 1905 1423 1974; x_wconf 75' lang='grc' dir='ltr'><strong><em>Ὀλυμπιάδα]</em></strong></span> <span class='ocrx_word' id='word_1_253' title='bbox 1461 1908 1686 1968; x_wconf 67' lang='grc' dir='ltr'><em>ἀγενείων</em></span> <span class='ocrx_word' id='word_1_254' title='bbox 1723 1910 2004 1969; x_wconf 77' lang='grc' dir='ltr'><em>παγκράτιον</em></span> <span class='ocrx_word' id='word_1_255' title='bbox 2038 1910 2399 1971; x_wconf 74' lang='grc' dir='ltr'><em>στεφανωθέντα</em></span> <span class='ocrx_word' id='word_1_256' title='bbox 2452 1915 2516 1969; x_wconf 83' lang='lat' dir='ltr'><strong>(a.</strong></span> <span class='ocrx_word' id='word_1_257' title='bbox 2550 1910 2636 1967; x_wconf 88' lang='grc'><strong>94)</strong></span> 
     </span>
     <span class='ocr_line' id='line_1_23' title="bbox 231 1974 2636 2045; baseline -0 -22"><span class='ocrx_word' id='word_1_258' title='bbox 231 1975 330 2043; x_wconf 81' lang='grc' dir='ltr'><strong>κα[ὶ</strong></span> <span class='ocrx_word' id='word_1_259' title='bbox 367 1993 448 2040; x_wconf 87' lang='grc' dir='ltr'><em>την</em></span> <span class='ocrx_word' id='word_1_260' title='bbox 486 1974 729 2043; x_wconf 71' lang='grc' dir='ltr'><em>τετάρτην]</em></span> <span class='ocrx_word' id='word_1_261' title='bbox 768 1977 951 2037; x_wconf 72' lang='grc' dir='ltr'><em>ἀνδρῶν</em></span> <span class='ocrx_word' id='word_1_262' title='bbox 988 1977 1271 2037; x_wconf 74' lang='grc' dir='ltr'><em>παγκράτιον</em></span> <span class='ocrx_word' id='word_1_263' title='bbox 1308 1978 1554 2039; x_wconf 78' lang='grc' dir='ltr'><em>νικήσαντα</em></span> <span class='ocrx_word' id='word_1_264' title='bbox 1592 1982 1655 2033; x_wconf 81' lang='lat' dir='ltr'><strong>(a.</strong></span> <span class='ocrx_word' id='word_1_265' title='bbox 1679 1978 1765 2033; x_wconf 84' lang='grc'><strong>98)</strong></span> <span class='ocrx_word' id='word_1_266' title='bbox 1804 1976 1881 2022; x_wconf 79' lang='grc' dir='ltr'><strong>καὶ</strong></span> <span class='ocrx_word' id='word_1_267' title='bbox 1918 1978 1996 2041; x_wconf 76' lang='grc' dir='ltr'><em>τὴν</em></span> <span class='ocrx_word' id='word_1_268' title='bbox 2032 1975 2266 2045; x_wconf 77' lang='grc' dir='ltr'><em>πέμπ]την</em></span> <span class='ocrx_word' id='word_1_269' title='bbox 2301 1978 2484 2039; x_wconf 73' lang='grc' dir='ltr'><em>ἀνδρῶν</em></span> <span class='ocrx_word' id='word_1_270' title='bbox 2520 1992 2636 2038; x_wconf 73' lang='grc' dir='ltr'><em>παγ-</em></span> 
     </span>
     <span class='ocr_line' id='line_1_24' title="bbox 231 2041 2636 2111; baseline -0 -20"><span class='ocrx_word' id='word_1_271' title='bbox 231 2047 418 2106; x_wconf 77' lang='grc' dir='ltr'><em>κράτιον</em></span> <span class='ocrx_word' id='word_1_272' title='bbox 453 2046 819 2107; x_wconf 72' lang='grc' dir='ltr'><em>στεφανωθέντα</em></span> <span class='ocrx_word' id='word_1_273' title='bbox 856 2043 918 2108; x_wconf 89' lang='lat' dir='ltr'><strong>(a.</strong></span> <span class='ocrx_word' id='word_1_274' title='bbox 944 2043 1061 2109; x_wconf 87' lang='grc'><strong>102)</strong></span> <span class='ocrx_word' id='word_1_275' title='bbox 1098 2044 1175 2090; x_wconf 78' lang='grc' dir='ltr'><strong>καὶ</strong></span> <span class='ocrx_word' id='word_1_276' title='bbox 1212 2046 1290 2108; x_wconf 77' lang='grc' dir='ltr'><em>τὴν</em></span> <span class='ocrx_word' id='word_1_277' title='bbox 1328 2045 1465 2108; x_wconf 84' lang='grc' dir='ltr'><em>ἕκτην</em></span> <span class='ocrx_word' id='word_1_278' title='bbox 1500 2046 1526 2090; x_wconf 85' lang='grc' dir='ltr'><strong><em>ὁ</em></strong></span> <span class='ocrx_word' id='word_1_279' title='bbox 1546 2041 1712 2110; x_wconf 79' lang='grc' dir='ltr'><em>[μοι’ως</em></span> <span class='ocrx_word' id='word_1_280' title='bbox 1727 2042 1929 2111; x_wconf 76' lang='grc' dir='ltr'><em>ἀνδρῶν]</em></span> <span class='ocrx_word' id='word_1_281' title='bbox 1967 2048 2250 2107; x_wconf 76' lang='grc' dir='ltr'><em>παγκράτιον</em></span> <span class='ocrx_word' id='word_1_282' title='bbox 2278 2045 2636 2108; x_wconf 75' lang='grc' dir='ltr'><em>στεφανωθέντα</em></span> 
     </span>
     <span class='ocr_line' id='line_1_25' title="bbox 233 2110 2635 2178; baseline -0.001 -18"><span class='ocrx_word' id='word_1_283' title='bbox 233 2119 297 2171; x_wconf 88' lang='lat' dir='ltr'><strong>(a.</strong></span> <span class='ocrx_word' id='word_1_284' title='bbox 340 2114 459 2170; x_wconf 86' lang='lat'>106)</span> <span class='ocrx_word' id='word_1_285' title='bbox 516 2117 700 2173; x_wconf 83' lang='grc' dir='ltr'><em>πρῶτον</em></span> <span class='ocrx_word' id='word_1_286' title='bbox 753 2114 1027 2172; x_wconf 66' lang='grc' dir='ltr'><em>ἀνθρώπων.</em></span> <span class='ocrx_word' id='word_1_287' title='bbox 1100 2112 1173 2160; x_wconf 91' lang='lat' dir='ltr'><strong>Ib.</strong></span> <span class='ocrx_word' id='word_1_288' title='bbox 1213 2115 1347 2161; x_wconf 84' lang='lat'>3674</span> <span class='ocrx_word' id='word_1_289' title='bbox 1401 2113 1469 2159; x_wconf 87' lang='lat' dir='ltr'><strong>tit.</strong></span> <span class='ocrx_word' id='word_1_290' title='bbox 1519 2110 1791 2178; x_wconf 84' lang='lat' dir='ltr'><strong>Cyzicenus</strong></span> <span class='ocrx_word' id='word_1_291' title='bbox 1844 2113 1910 2161; x_wconf 89' lang='lat' dir='ltr'><strong>M.</strong></span> <span class='ocrx_word' id='word_1_292' title='bbox 1948 2112 2130 2160; x_wconf 89' lang='lat' dir='ltr'><strong>Aurelii</strong></span> <span class='ocrx_word' id='word_1_293' title='bbox 2167 2112 2299 2173; x_wconf 83' lang='lat' dir='ltr'><strong>Cori,</strong></span> <span class='ocrx_word' id='word_1_294' title='bbox 2352 2113 2433 2177; x_wconf 90' lang='lat' dir='ltr'><strong>qui</strong></span> <span class='ocrx_word' id='word_1_295' title='bbox 2463 2111 2635 2175; x_wconf 83' lang='grc' dir='ltr'><em>Ῥώμην</em></span> 
     </span>
     <span class='ocr_line' id='line_1_26' title="bbox 232 2178 2634 2241; baseline -0.001 -12"><span class='ocrx_word' id='word_1_296' title='bbox 232 2181 547 2230; x_wconf 82' lang='grc' dir='ltr'><em>Καπετώλεια</em></span> <span class='ocrx_word' id='word_1_297' title='bbox 584 2180 809 2241; x_wconf 80' lang='grc' dir='ltr'><em>ἀγενείων</em></span> <span class='ocrx_word' id='word_1_298' title='bbox 846 2181 1130 2241; x_wconf 76' lang='grc' dir='ltr'><em>παγκράτιον</em></span> <span class='ocrx_word' id='word_1_299' title='bbox 1165 2179 1292 2239; x_wconf 82' lang='lat' dir='ltr'><strong>vicit,</strong></span> <span class='ocrx_word' id='word_1_300' title='bbox 1330 2181 1536 2228; x_wconf 88' lang='lat' dir='ltr'><strong>fortasse</strong></span> <span class='ocrx_word' id='word_1_301' title='bbox 1573 2197 1615 2228; x_wconf 90' lang='lat' dir='ltr'><strong>a.</strong></span> <span class='ocrx_word' id='word_1_302' title='bbox 1658 2181 1769 2229; x_wconf 88' lang='grc'><strong>165.</strong></span> <span class='ocrx_word' id='word_1_303' title='bbox 1841 2180 1915 2229; x_wconf 91' lang='lat' dir='ltr'><strong>Ib.</strong></span> <span class='ocrx_word' id='word_1_304' title='bbox 1937 2182 2069 2230; x_wconf 86' lang='lat'>5913</span> <span class='ocrx_word' id='word_1_305' title='bbox 2107 2180 2174 2229; x_wconf 89' lang='lat' dir='ltr'><strong>tit.</strong></span> <span class='ocrx_word' id='word_1_306' title='bbox 2195 2181 2261 2230; x_wconf 88' lang='lat' dir='ltr'><strong>M.</strong></span> <span class='ocrx_word' id='word_1_307' title='bbox 2283 2179 2450 2229; x_wconf 89' lang='lat' dir='ltr'><strong>Aureli</strong></span> <span class='ocrx_word' id='word_1_308' title='bbox 2468 2178 2634 2228; x_wconf 90' lang='lat' dir='ltr'><strong>Ascle-</strong></span> 
     </span>
     <span class='ocr_line' id='line_1_27' title="bbox 231 2246 2632 2314; baseline -0.001 -18"><span class='ocrx_word' id='word_1_309' title='bbox 231 2248 393 2313; x_wconf 88' lang='lat' dir='ltr'><strong>piadis</strong></span> <span class='ocrx_word' id='word_1_310' title='bbox 428 2248 719 2312; x_wconf 89' lang='lat' dir='ltr'><strong>Hermopoli</strong></span> <span class='ocrx_word' id='word_1_311' title='bbox 754 2248 805 2296; x_wconf 91' lang='lat' dir='ltr'><strong>in</strong></span> <span class='ocrx_word' id='word_1_312' title='bbox 840 2247 1073 2314; x_wconf 87' lang='lat' dir='ltr'><strong>Aegypto</strong></span> <span class='ocrx_word' id='word_1_313' title='bbox 1129 2256 1179 2296; x_wconf 86' lang='lat' dir='ltr'><strong>ut</strong></span> <span class='ocrx_word' id='word_1_314' title='bbox 1214 2248 1407 2297; x_wconf 86' lang='lat' dir='ltr'><strong>videtur</strong></span> <span class='ocrx_word' id='word_1_315' title='bbox 1458 2254 1575 2297; x_wconf 89' lang='lat' dir='ltr'><strong>nato</strong></span> <span class='ocrx_word' id='word_1_316' title='bbox 1614 2248 1822 2308; x_wconf 79' lang='lat' dir='ltr'><strong>(Romae</strong></span> <span class='ocrx_word' id='word_1_317' title='bbox 1859 2247 2068 2313; x_wconf 89' lang='lat' dir='ltr'><strong>positus)</strong></span> <span class='ocrx_word' id='word_1_318' title='bbox 2116 2248 2476 2314; x_wconf 89' lang='lat' dir='ltr'><strong>pancratiastae</strong></span> <span class='ocrx_word' id='word_1_319' title='bbox 2512 2246 2632 2295; x_wconf 89' lang='lat' dir='ltr'><strong>cele-</strong></span> 
     </span>
     <span class='ocr_line' id='line_1_28' title="bbox 230 2315 2633 2380; baseline -0.001 -16"><span class='ocrx_word' id='word_1_320' title='bbox 230 2316 446 2377; x_wconf 89' lang='lat' dir='ltr'><strong>berrimi,</strong></span> <span class='ocrx_word' id='word_1_321' title='bbox 484 2317 565 2380; x_wconf 91' lang='lat' dir='ltr'><strong>qui</strong></span> <span class='ocrx_word' id='word_1_322' title='bbox 600 2316 714 2364; x_wconf 91' lang='lat' dir='ltr'><strong>vicit</strong></span> <span class='ocrx_word' id='word_1_323' title='bbox 750 2316 802 2376; x_wconf 74' lang='lat' dir='ltr'><strong>(l.</strong></span> <span class='ocrx_word' id='word_1_324' title='bbox 843 2319 928 2371; x_wconf 85' lang='lat'><strong>21)</strong></span> <span class='ocrx_word' id='word_1_325' title='bbox 970 2317 1275 2364; x_wconf 80' lang='grc' dir='ltr'><em>Καπετώλεια</em></span> <span class='ocrx_word' id='word_1_326' title='bbox 1330 2318 1382 2364; x_wconf 79' lang='grc' dir='ltr'><em>ἐν</em></span> <span class='ocrx_word' id='word_1_327' title='bbox 1413 2315 1559 2380; x_wconf 80' lang='grc' dir='ltr'><em>Ῥώμῃ</em></span> <span class='ocrx_word' id='word_1_328' title='bbox 1596 2317 1668 2371; x_wconf 75' lang='grc' dir='ltr'><strong>δίς</strong></span> <span class='ocrx_word' id='word_1_329' title='bbox 1722 2323 1737 2375; x_wconf 67' lang='grc' dir='ltr'>ί</span> <span class='ocrx_word' id='word_1_330' title='bbox 1747 2319 1843 2365; x_wconf 82' lang='grc'><strong>178</strong></span> <span class='ocrx_word' id='word_1_331' title='bbox 1881 2327 1929 2364; x_wconf 88' lang='lat' dir='ltr'><strong>et</strong></span> <span class='ocrx_word' id='word_1_332' title='bbox 1967 2319 2084 2374; x_wconf 90' lang='grc'><strong>182)</strong></span> <span class='ocrx_word' id='word_1_333' title='bbox 2137 2318 2188 2365; x_wconf 88' lang='grc' dir='ltr'><strong>τὸ</strong></span> <span class='ocrx_word' id='word_1_334' title='bbox 2240 2320 2463 2379; x_wconf 76' lang='grc' dir='ltr'><em>δεύτερον</em></span> <span class='ocrx_word' id='word_1_335' title='bbox 2510 2317 2633 2377; x_wconf 84' lang='grc' dir='ltr'><em>μετὰ</em></span> 
     </span>
     <span class='ocr_line' id='line_1_29' title="bbox 232 2383 2633 2449; baseline -0.001 -16"><span class='ocrx_word' id='word_1_336' title='bbox 232 2389 417 2446; x_wconf 85' lang='grc' dir='ltr'><em>πρῶτον</em></span> <span class='ocrx_word' id='word_1_337' title='bbox 455 2387 620 2448; x_wconf 79' lang='grc' dir='ltr'><em>κλῆρον</em></span> <span class='ocrx_word' id='word_1_338' title='bbox 655 2388 833 2449; x_wconf 72' lang='grc' dir='ltr'><em>στήσας</em></span> <span class='ocrx_word' id='word_1_339' title='bbox 867 2385 976 2440; x_wconf 77' lang='grc' dir='ltr'><em>τοὺς·</em></span> <span class='ocrx_word' id='word_1_340' title='bbox 1008 2386 1364 2445; x_wconf 73' lang='grc' dir='ltr'><em>ἀνταγωνιστάς,</em></span> <span class='ocrx_word' id='word_1_341' title='bbox 1401 2387 1533 2449; x_wconf 89' lang='lat' dir='ltr'><strong>quod</strong></span> <span class='ocrx_word' id='word_1_342' title='bbox 1569 2400 1669 2432; x_wconf 90' lang='lat' dir='ltr'><strong>non</strong></span> <span class='ocrx_word' id='word_1_343' title='bbox 1706 2385 1954 2449; x_wconf 86' lang='lat' dir='ltr'><strong>intellego.</strong></span> <span class='ocrx_word' id='word_1_344' title='bbox 2024 2385 2097 2434; x_wconf 89' lang='lat' dir='ltr'><strong>Ib.</strong></span> <span class='ocrx_word' id='word_1_345' title='bbox 2138 2388 2269 2434; x_wconf 85' lang='grc'><strong>2180</strong></span> <span class='ocrx_word' id='word_1_346' title='bbox 2305 2387 2354 2434; x_wconf 92' lang='lat' dir='ltr'><strong>b.</strong></span> <span class='ocrx_word' id='word_1_347' title='bbox 2402 2386 2470 2434; x_wconf 91' lang='lat' dir='ltr'><strong>tit.</strong></span> <span class='ocrx_word' id='word_1_348' title='bbox 2507 2383 2633 2431; x_wconf 92' lang='lat' dir='ltr'><strong>Aelii</strong></span> 
     </span>
     <span class='ocr_line' id='line_1_30' title="bbox 231 2451 2631 2518; baseline -0.001 -18"><span class='ocrx_word' id='word_1_349' title='bbox 231 2452 418 2501; x_wconf 89' lang='lat' dir='ltr'><strong>Aurelii</strong></span> <span class='ocrx_word' id='word_1_350' title='bbox 454 2451 719 2517; x_wconf 84' lang='lat' dir='ltr'><strong>cujusdam,</strong></span> <span class='ocrx_word' id='word_1_351' title='bbox 760 2452 893 2518; x_wconf 90' lang='lat' dir='ltr'><strong>cujus</strong></span> <span class='ocrx_word' id='word_1_352' title='bbox 930 2469 1208 2517; x_wconf 89' lang='lat' dir='ltr'><strong>cognomen</strong></span> <span class='ocrx_word' id='word_1_353' title='bbox 1244 2453 1399 2517; x_wconf 86' lang='lat' dir='ltr'><strong>periit,</strong></span> <span class='ocrx_word' id='word_1_354' title='bbox 1438 2451 1797 2517; x_wconf 86' lang='lat' dir='ltr'><strong>Aphrodisiade</strong></span> <span class='ocrx_word' id='word_1_355' title='bbox 1834 2453 2040 2512; x_wconf 82' lang='lat' dir='ltr'><strong>oriundi,</strong></span> <span class='ocrx_word' id='word_1_356' title='bbox 2079 2453 2160 2517; x_wconf 91' lang='lat' dir='ltr'><strong>qui</strong></span> <span class='ocrx_word' id='word_1_357' title='bbox 2194 2454 2309 2503; x_wconf 87' lang='lat' dir='ltr'><strong>vicit</strong></span> <span class='ocrx_word' id='word_1_358' title='bbox 2346 2455 2511 2517; x_wconf 82' lang='grc' dir='ltr'><em>Ρώμην</em></span> <span class='ocrx_word' id='word_1_359' title='bbox 2540 2452 2631 2499; x_wconf 84' lang='lat' dir='ltr'><strong>Ka-</strong></span> 
     </span>
     <span class='ocr_line' id='line_1_31' title="bbox 232 2520 2635 2584; baseline -0.001 -16"><span class='ocrx_word' id='word_1_360' title='bbox 232 2522 466 2568; x_wconf 85' lang='grc' dir='ltr'><em>πετώλεια</em></span> <span class='ocrx_word' id='word_1_361' title='bbox 498 2520 716 2582; x_wconf 79' lang='grc' dir='ltr'><em>Ὀλύμπια</em></span> <span class='ocrx_word' id='word_1_362' title='bbox 752 2520 937 2582; x_wconf 75' lang='grc' dir='ltr'><em>ἀνδρῶν</em></span> <span class='ocrx_word' id='word_1_363' title='bbox 974 2522 1229 2582; x_wconf 75' lang='grc' dir='ltr'><em>παγκράτιν</em></span> <span class='ocrx_word' id='word_1_364' title='bbox 1266 2527 1453 2583; x_wconf 79' lang='grc' dir='ltr'><em>πρῶτος·</em></span> <span class='ocrx_word' id='word_1_365' title='bbox 1481 2520 1843 2583; x_wconf 70' lang='grc' dir='ltr'><em>Ἆφμοόεισεέων.</em></span> <span class='ocrx_word' id='word_1_366' title='bbox 1914 2520 2011 2570; x_wconf 90' lang='lat' dir='ltr'><strong>Dio</strong></span> <span class='ocrx_word' id='word_1_367' title='bbox 2043 2520 2263 2572; x_wconf 90' lang='lat' dir='ltr'>LXXIX</span> <span class='ocrx_word' id='word_1_368' title='bbox 2286 2523 2374 2570; x_wconf 89' lang='lat'><strong>10:</strong></span> <span class='ocrx_word' id='word_1_369' title='bbox 2411 2521 2635 2584; x_wconf 81' lang='grc' dir='ltr'><em>Αὐρήλιος</em></span> 
     </span>
     <span class='ocr_line' id='line_1_32' title="bbox 229 2587 2631 2654; baseline -0.001 -17"><span class='ocrx_word' id='word_1_370' title='bbox 229 2588 356 2643; x_wconf 58' lang='lat' dir='ltr'><strong>Aah&amp;</strong></span> <span class='ocrx_word' id='word_1_371' title='bbox 387 2591 414 2637; x_wconf 84' lang='grc' dir='ltr'><strong><em>ὖ</em></strong></span> <span class='ocrx_word' id='word_1_372' title='bbox 449 2589 662 2653; x_wconf 75' lang='grc' dir='ltr'><em>ἀθλητής</em></span> <span class='ocrx_word' id='word_1_373' title='bbox 693 2588 806 2649; x_wconf 90' lang='lat' dir='ltr'><strong>(sub</strong></span> <span class='ocrx_word' id='word_1_374' title='bbox 843 2587 1141 2653; x_wconf 86' lang='lat' dir='ltr'><strong>Elagabalo)</strong></span> <span class='ocrx_word' id='word_1_375' title='bbox 1174 2617 1241 2625; x_wconf 90' lang='lat'>—</span> <span class='ocrx_word' id='word_1_376' title='bbox 1279 2594 1496 2637; x_wconf 85' lang='grc' dir='ltr'><em>τοσοῦτον</em></span> <span class='ocrx_word' id='word_1_377' title='bbox 1534 2589 1641 2644; x_wconf 75' lang='grc' dir='ltr'><em>τοὺς·</em></span> <span class='ocrx_word' id='word_1_378' title='bbox 1672 2590 2019 2650; x_wconf 76' lang='grc' dir='ltr'><em>ἀνταγωνιστὰς</em></span> <span class='ocrx_word' id='word_1_379' title='bbox 2051 2591 2287 2654; x_wconf 78' lang='grc' dir='ltr'><em>ὑπερῆρεν</em></span> <span class='ocrx_word' id='word_1_380' title='bbox 2321 2591 2445 2637; x_wconf 84' lang='grc' dir='ltr'><em>ὥστε</em></span> <span class='ocrx_word' id='word_1_381' title='bbox 2482 2590 2631 2651; x_wconf 77' lang='grc' dir='ltr'><em>πάλην</em></span> 
     </span>
     <span class='ocr_line' id='line_1_33' title="bbox 232 2656 2635 2722; baseline 0 -17"><span class='ocrx_word' id='word_1_382' title='bbox 232 2674 283 2705; x_wconf 87' lang='grc' dir='ltr'><em>τε</em></span> <span class='ocrx_word' id='word_1_383' title='bbox 320 2659 420 2719; x_wconf 82' lang='grc' dir='ltr'><strong>ἅμα</strong></span> <span class='ocrx_word' id='word_1_384' title='bbox 455 2656 535 2705; x_wconf 80' lang='grc' dir='ltr'><strong>καὶ</strong></span> <span class='ocrx_word' id='word_1_385' title='bbox 588 2658 872 2719; x_wconf 71' lang='grc' dir='ltr'><em>παγκράτιον</em></span> <span class='ocrx_word' id='word_1_386' title='bbox 909 2657 960 2704; x_wconf 81' lang='grc' dir='ltr'><em>ἐν</em></span> <span class='ocrx_word' id='word_1_387' title='bbox 1015 2661 1070 2721; x_wconf 82' lang='grc' dir='ltr'><strong>τῇ</strong></span> <span class='ocrx_word' id='word_1_388' title='bbox 1120 2656 1335 2721; x_wconf 78' lang='grc' dir='ltr'><em>Ὀλυμπίᾳ</em></span> <span class='ocrx_word' id='word_1_389' title='bbox 1388 2657 1706 2720; x_wconf 70' lang='grc' dir='ltr'><em>ἀγωνίσασθαι</em></span> <span class='ocrx_word' id='word_1_390' title='bbox 1744 2658 1985 2722; x_wconf 73' lang='grc' dir='ltr'><em>ἐθελῆσαι,</em></span> <span class='ocrx_word' id='word_1_391' title='bbox 2038 2659 2122 2706; x_wconf 79' lang='grc' dir='ltr'><em>κᾶν</em></span> <span class='ocrx_word' id='word_1_392' title='bbox 2175 2662 2270 2715; x_wconf 86' lang='grc' dir='ltr'><em>τοῖς</em></span> <span class='ocrx_word' id='word_1_393' title='bbox 2301 2657 2635 2711; x_wconf 81' lang='grc' dir='ltr'><em>Καπιτωλίνυις·</em></span> 
     </span>
     <span class='ocr_line' id='line_1_34' title="bbox 230 2725 2630 2792; baseline 0 -17"><span class='ocrx_word' id='word_1_394' title='bbox 230 2728 375 2786; x_wconf 88' lang='grc'><strong>(218)</strong></span> <span class='ocrx_word' id='word_1_395' title='bbox 413 2726 490 2774; x_wconf 78' lang='grc' dir='ltr'><strong>καὶ</strong></span> <span class='ocrx_word' id='word_1_396' title='bbox 525 2725 670 2789; x_wconf 83' lang='grc' dir='ltr'><em>ἄμφω</em></span> <span class='ocrx_word' id='word_1_397' title='bbox 706 2730 886 2790; x_wconf 78' lang='grc' dir='ltr'><em>νικῆσαι</em></span> <span class='ocrx_word' id='word_1_398' title='bbox 921 2753 988 2762; x_wconf 89' lang='lat'><strong>-—</strong></span> <span class='ocrx_word' id='word_1_399' title='bbox 1024 2727 1054 2774; x_wconf 83' lang='grc' dir='ltr'><strong><em>ὅ</em></strong></span> <span class='ocrx_word' id='word_1_400' title='bbox 1082 2726 1256 2791; x_wconf 75' lang='grc' dir='ltr'><em>μηδεὶς·</em></span> <span class='ocrx_word' id='word_1_401' title='bbox 1299 2728 1440 2783; x_wconf 80' lang='grc' dir='ltr'><em>ἄλλος</em></span> <span class='ocrx_word' id='word_1_402' title='bbox 1488 2728 1776 2791; x_wconf 75' lang='grc' dir='ltr'><em>ἐπεποιήκει.</em></span> <span class='ocrx_word' id='word_1_403' title='bbox 1864 2725 1925 2775; x_wconf 84' lang='grc' dir='ltr'><strong>Ι11</strong></span> <span class='ocrx_word' id='word_1_404' title='bbox 1959 2726 2098 2776; x_wconf 86' lang='lat' dir='ltr'><strong>titulo</strong></span> <span class='ocrx_word' id='word_1_405' title='bbox 2132 2727 2330 2777; x_wconf 89' lang='lat' dir='ltr'><strong>victoris</strong></span> <span class='ocrx_word' id='word_1_406' title='bbox 2368 2725 2630 2792; x_wconf 83' lang='lat' dir='ltr'><strong>Capitolini</strong></span> 
     </span>
     <span class='ocr_line' id='line_1_35' title="bbox 227 2793 2324 2861; baseline 0 -17"><span class='ocrx_word' id='word_1_407' title='bbox 227 2794 479 2860; x_wconf 87' lang='lat' dir='ltr'><strong>Megarico</strong></span> <span class='ocrx_word' id='word_1_408' title='bbox 516 2793 574 2844; x_wconf 85' lang='lat' dir='ltr'><strong>C.</strong></span> <span class='ocrx_word' id='word_1_409' title='bbox 593 2794 644 2845; x_wconf 83' lang='lat' dir='ltr'><strong>J.</strong></span> <span class='ocrx_word' id='word_1_410' title='bbox 686 2795 816 2843; x_wconf 91' lang='grc'><strong>1068</strong></span> <span class='ocrx_word' id='word_1_411' title='bbox 854 2795 957 2859; x_wconf 88' lang='lat' dir='ltr'><strong>(qui</strong></span> <span class='ocrx_word' id='word_1_412' title='bbox 993 2801 1067 2843; x_wconf 88' lang='lat' dir='ltr'><strong>ter</strong></span> <span class='ocrx_word' id='word_1_413' title='bbox 1101 2795 1253 2857; x_wconf 82' lang='lat' dir='ltr'><strong>vicit),</strong></span> <span class='ocrx_word' id='word_1_414' title='bbox 1290 2813 1448 2861; x_wconf 91' lang='lat' dir='ltr'><strong>genus</strong></span> <span class='ocrx_word' id='word_1_415' title='bbox 1486 2795 1763 2843; x_wconf 89' lang='lat' dir='ltr'><strong>certaminis</strong></span> <span class='ocrx_word' id='word_1_416' title='bbox 1799 2811 1903 2843; x_wconf 91' lang='lat' dir='ltr'><strong>non</strong></span> <span class='ocrx_word' id='word_1_417' title='bbox 1937 2794 2200 2845; x_wconf 90' lang='lat' dir='ltr'><strong>indicatum</strong></span> <span class='ocrx_word' id='word_1_418' title='bbox 2236 2803 2324 2845; x_wconf 89' lang='lat' dir='ltr'><strong>est.</strong></span> 
     </span>
    </p>

    <p class='ocr_par' dir='ltr' id='par_1_6' title="bbox 228 2861 2629 3065">
     <span class='ocr_line' id='line_1_36' title="bbox 386 2861 2629 2930; baseline -0 -18"><span class='ocrx_word' id='word_1_419' title='bbox 386 2862 649 2913; x_wconf 86' lang='lat' dir='ltr'><strong>Certamen</strong></span> <span class='ocrx_word' id='word_1_420' title='bbox 689 2869 914 2928; x_wconf 88' lang='lat' dir='ltr'><strong>equestre</strong></span> <span class='ocrx_word' id='word_1_421' title='bbox 948 2861 1091 2929; x_wconf 91' lang='lat' dir='ltr'><strong>hujus</strong></span> <span class='ocrx_word' id='word_1_422' title='bbox 1127 2864 1301 2930; x_wconf 87' lang='lat' dir='ltr'><strong>agonis</strong></span> <span class='ocrx_word' id='word_1_423' title='bbox 1338 2864 1661 2930; x_wconf 86' lang='lat' dir='ltr'><strong>significatum</strong></span> <span class='ocrx_word' id='word_1_424' title='bbox 1697 2881 1806 2913; x_wconf 90' lang='lat' dir='ltr'><strong>esse</strong></span> <span class='ocrx_word' id='word_1_425' title='bbox 1842 2870 1960 2929; x_wconf 92' lang='lat' dir='ltr'><strong>puto</strong></span> <span class='ocrx_word' id='word_1_426' title='bbox 1995 2864 2046 2913; x_wconf 94' lang='lat' dir='ltr'><strong>in</strong></span> <span class='ocrx_word' id='word_1_427' title='bbox 2071 2865 2142 2913; x_wconf 90' lang='lat' dir='ltr'><strong>tit.</strong></span> <span class='ocrx_word' id='word_1_428' title='bbox 2179 2865 2377 2930; x_wconf 85' lang='lat' dir='ltr'><strong>aurigae</strong></span> <span class='ocrx_word' id='word_1_429' title='bbox 2414 2865 2465 2928; x_wconf 91' lang='lat' dir='ltr'><strong>P.</strong></span> <span class='ocrx_word' id='word_1_430' title='bbox 2503 2863 2629 2912; x_wconf 91' lang='lat' dir='ltr'><strong>Aelii</strong></span> 
     </span>
     <span class='ocr_line' id='line_1_37' title="bbox 231 2930 2627 3000; baseline -0 -19"><span class='ocrx_word' id='word_1_431' title='bbox 231 2930 415 2981; x_wconf 89' lang='lat' dir='ltr'><strong>Guttae</strong></span> <span class='ocrx_word' id='word_1_432' title='bbox 453 2930 777 2998; x_wconf 86' lang='lat' dir='ltr'><strong>Calpurniani</strong></span> <span class='ocrx_word' id='word_1_433' title='bbox 814 2930 900 2982; x_wconf 89' lang='lat' dir='ltr'><strong>Or.</strong></span> <span class='ocrx_word' id='word_1_434' title='bbox 938 2933 1097 2994; x_wconf 84' lang='lat'><strong>2593,</strong></span> <span class='ocrx_word' id='word_1_435' title='bbox 1152 2933 1234 2998; x_wconf 90' lang='lat' dir='ltr'><strong>qui</strong></span> <span class='ocrx_word' id='word_1_436' title='bbox 1267 2933 1382 2982; x_wconf 89' lang='lat' dir='ltr'><strong>vicit</strong></span> <span class='ocrx_word' id='word_1_437' title='bbox 1433 2933 1485 2982; x_wconf 89' lang='lat' dir='ltr'><strong>in</strong></span> <span class='ocrx_word' id='word_1_438' title='bbox 1520 2933 1552 2982; x_wconf 88' lang='lat' dir='ltr'><strong>f.</strong></span> <span class='ocrx_word' id='word_1_439' title='bbox 1590 2939 1769 2981; x_wconf 90' lang='lat' dir='ltr'><strong>veneta</strong></span> <span class='ocrx_word' id='word_1_440' title='bbox 1818 2959 1886 2968; x_wconf 93' lang='lat'>—</span> <span class='ocrx_word' id='word_1_441' title='bbox 1938 2950 2112 2983; x_wconf 86' lang='lat' dir='ltr'><strong>sacro</strong></span> <span class='ocrx_word' id='word_1_442' title='bbox 2148 2931 2627 3000; x_wconf 85' lang='lat' dir='ltr'><strong>quinquennalis</strong></span> 
     </span>
     <span class='ocr_line' id='line_1_38' title="bbox 228 3000 846 3065; baseline 0.002 -17"><span class='ocrx_word' id='word_1_443' title='bbox 228 3000 586 3051; x_wconf 86' lang='lat' dir='ltr'><strong>certaminis</strong></span> <span class='ocrx_word' id='word_1_444' title='bbox 631 3000 846 3065; x_wconf 85' lang='lat' dir='ltr'><strong>primo.</strong></span> 
     </span>
    </p>
   </div>
   <div class='ocr_carea' id='block_1_5' title="bbox 1256 3186 1596 3194">
    <p class='ocr_par' dir='ltr' id='par_1_7' title="bbox 1256 3186 1596 3194">
     <span class='ocr_line' id='line_1_39' title="bbox 1256 3186 1596 3194; baseline -0.003 -1"><span class='ocrx_word' id='word_1_445' title='bbox 1256 3186 1596 3194; x_wconf 65' lang='lat'><strong>—————-——.———</strong></span> 
     </span>
    </p>
   </div>
   <div class='ocr_carea' id='block_1_6' title="bbox 2780 484 2835 582">
    <p class='ocr_par' dir='ltr' id='par_1_8' title="bbox 2780 484 2835 582">
     <span class='ocr_line' id='line_1_40' title="bbox 2780 484 2835 582; baseline 0 0"><span class='ocrx_word' id='word_1_446' title='bbox 2780 484 2835 582; x_wconf 46' lang='lat' dir='ltr'><strong>‘N</strong></span> 
     </span>
    </p>
   </div>
  </div>
 </body>
</html>
